@article{Andrienko,
    author = "Gennadyp Andrienko and Natalia Andrienko and Daniel Keim and Alan M. MacEachren and Stefan Wrobel",
    title = "{Challenging problems of geospatial visual analytics}. ({English})",
    journal = "Journal of Visual Languages and Computing",
    volume = "22",
    number = "4",
    pages = "251--256",
    year = "2011",
    DOI = "https://dx.doi.org/10.1016/j.jvlc.2011.04.001",
    keywords = "geospatial visual analytics"
}